@misc{Metageek,
author = {Metageek},
title = {{inSSIDer - Defeat Slow WiFi}},
url = {https://www.metageek.com/}
}

@article{Imansyah2019,
abstract = {Wifi network Analizer adalah sebuah sofware yang dapat mengukur kekuatan sinyal yang diterima oleh handphone, sehingga dapat melihat kekuatan sinyal yang akan diteliti dengan melihat skala tingkat kualitas sinyal sebesar <-60 dBm dengan kualitas sangat baik, -61 dBm sampai -70 dBm dengan kategori baik, -71 dBm sampai -80 dBm dengan kualitas cukup Buruk, -81 dBm sampai -90 dBm dengan Kualitas sinyal buruk, dan >-91 dBm kualitas sinyal nya menunjukkan sangat jelek. Untuk pengujian kekuatan sinyal wifi tersebut router dan handphone harus di hubungkan terlebih dahulu, setelah terhubung barulah mengukur jarak yang telah di tentukan penguji. untuk pengujian pertama router Wifi tidak di beri penghalang agar menjadi barometer pengukuran, setelah itu baru di lakukan pengukuran dengan penghalang yang telah ditentukan dengan jarak-jarak yang telah di ukur, sehingga di dapatlah nilai lain yang terjadi akibat penghalang yang diberikan terhadat routerWifi tersebut. Dari penelitian ini dapat dijelaskan bahwa terjadi pengurangan kuat sinyal wifi terhadap penghalang yang di berikan dengan nilai-nilai yang berbeda pada setiap penghalang, serta pengaruh jarak pengukuran juga mempengaruhi kualitas jaringan, dimana untuk pengukuran jarak 5 meter sampi 15 meter masih dalam kualitas baik, sedangkan dengan jarak 20 meter sampai 30 meter kualitas sinyal yang di dapat dengan rata-rata hasil antara untuk tanpa penghalang 70,33 dBm, kotak triplek 72,66 dBm, kotak beton 76,33 dBm dan kotak keramik 75,66 dBm, jika dibandingkan dengan tabel indikator RSSI maka hasil yang di dapat cukup buruk.},
author = {Imansyah, Fitri and Suryadi, Dedy and Studi, Program and Elektro, Teknik and Elektro, Jurusan Teknik and Teknik, Fakultas and Tanjungpura, Universitas and Wifi, Router},
file = {:C\:/Users/ASUS/Downloads/1627649430603.pdf:pdf},
journal = {Jurnal Teknologi},
keywords = {Obstacle,Router Wifi,Uji Kuat Sinyal},
number = {1},
pages = {1--6},
title = {{Analisis Simulasi Pengaruh Uji Kuat Sinyal Wifi Dari Bahan-Bahan Obstacle}},
url = {https://scholar.google.co.id/},
volume = {2},
year = {2019}
}

@article{Rante2018,
abstract = {Wi-Fi atau Wireless Fidelity merupakan teknologi jaringan tanpa kabel yang menggunakan frekuensi tinggi. Frekuensi yang digunakan oleh teknologi Wi-Fi berada pada spektrum 2,4 GHz dan beroperasi dengan menggunakan spesifikasi dasar IEEE 802.11. Wi-Fi telah menjadi terminologi umum yang digunakan oleh semua orang tetapi tidak banyak yang tahu tentang faktor kinerja dari jaringan Wi-Fi dan bagaimana semua perangkat dapat tetap terhubung denganaccess points. Pada artikel ini, akan ditampilkan hasil analisis kekuatan sinyal Wi-Fi pada area kampus Universitas Katolik De La Salle Manado (dalam hal ini gedung 2) dengan menggunakan software InSSIDer. InSSIDer merupakan free software bersifat open source Wi-Fi scanner yang dapat mengidentifikasi SSID, kekuatan sinyal dari waktu ke waktu, keamanan dan pengaturan yang ada pada access point.},
author = {Rante, Julie Cynthia and Patras, Max Alexander Rura},
doi = {10.52159/realtech.v14i1.124},
file = {:C\:/Users/ASUS/Downloads/124-Article Text-110-1-10-20200413.pdf:pdf},
issn = {1907-0837},
journal = {Jurnal Ilmiah Realtech},
number = {1},
pages = {97--102},
title = {{Analisis Kekuatan Sinyal Wi-Fi Menggunakan Inssider}},
volume = {14},
year = {2018}
}
